@misc{Center2019,
author = {{NSECE Project Team (National Opinion Research Center)}},
doi = {10.3886/ICPSR35519.v12},
howpublished = {Inter-university Consortium for Political and Social Research},
title = {{National Survey of Early Care and Education (NSECE), 2010-2012}},
url = {https://www.researchconnections.org/childcare/studies/35519},
year = {2019}
}

@article{Angrist02,
    author = {Angrist, Joshua and Lavy, Victor},
    title = "{New Evidence on Classroom Computers and Pupil Learning}",
    journal = {The Economic Journal},
    volume = {112},
    number = {482},
    pages = {735-765},
    year = {2002},
    month = {10},
    issn = {0013-0133},
    doi = {10.1111/1468-0297.00068},
    url = {https://doi.org/10.1111/1468-0297.00068},
    eprint = {http://oup.prod.sis.lan/ej/article-pdf/112/482/735/26547562/ej0735.pdf},
}

@article{Ross99,
author = {Ross, Jonathan and Schulz, Robert},
title = {Can computer-aided instruction accommodate all learners equally?},
journal = {British Journal of Educational Technology},
volume = {30},
number = {1},
pages = {5-24},
doi = {10.1111/1467-8535.00087},
url = {https://onlinelibrary.wiley.com/doi/abs/10.1111/1467-8535.00087},
eprint = {https://onlinelibrary.wiley.com/doi/pdf/10.1111/1467-8535.00087},
year = {1999}
}

@article{Aqda11,
title = "The comparative effect of computer-aided instruction and traditional teaching on studentâ€™s creativity in math classes",
journal = "Procedia Computer Science",
volume = "3",
pages = "266 - 270",
year = "2011",
note = "World Conference on Information Technology",
issn = "1877-0509",
doi = {10.1016/j.procs.2010.12.045},
url = "http://www.sciencedirect.com/science/article/pii/S1877050910004205",
author = "Mahnaz Fatemi Aqda and Farideh Hamidi and Mehrak Rahimi",
keywords = "Computer-aided instruction (CAI), Traditional teaching, Creativity, Mathematic classes, Junior students"
}